

@article{Abe_1995,
   title={Observation of Top Quark Production in $p\bar{p}$ Collisions with the Collider Detector at Fermilab},
   volume={74},
   ISSN={1079-7114},
   url={http://dx.doi.org/10.1103/PhysRevLett.74.2626},
   DOI={10.1103/physrevlett.74.2626},
   number={14},
   journal={Physical Review Letters},
   publisher={American Physical Society (APS)},
   author={Abe, F. and Akimoto, H. and Akopian, A. and Albrow, M. G. and Amendolia, S. R. and Amidei, D. and Antos, J. and Anway-Wiese, C. and Aota, S. and Apollinari, G. and et al.},
   year={1995},
   month={Apr},
   pages={2626–2631}
}

@article{Abachi_1995,
   title={Observation of the Top Quark},
   volume={74},
   ISSN={1079-7114},
   url={http://dx.doi.org/10.1103/PhysRevLett.74.2632},
   DOI={10.1103/physrevlett.74.2632},
   number={14},
   journal={Physical Review Letters},
   publisher={American Physical Society (APS)},
   author={Abachi, S. and Abbott, B. and Abolins, M. and Acharya, B. S. and Adam, I. and Adams, D. L. and Adams, M. and Ahn, S. and Aihara, H. and Alitti, J. and et al.},
   year={1995},
   month={Apr},
   pages={2632–2637}
}

@misc{atlas2014combination,
      title={First combination of Tevatron and LHC measurements of the top-quark mass}, 
      author={The ATLAS and CDF and CMS and D0 Collaborations},
      year={2014},
      eprint={1403.4427},
      archivePrefix={arXiv},
      primaryClass={hep-ex}
}

@article{Aad_2020,
   title={Measurement of the $t\bar{t}$ production cross-section in the lepton+jets channel at $\sqrt{s}$=13 TeV with the ATLAS experiment},
   volume={810},
   ISSN={0370-2693},
   url={http://dx.doi.org/10.1016/j.physletb.2020.135797},
   DOI={10.1016/j.physletb.2020.135797},
   journal={Physics Letters B},
   publisher={Elsevier BV},
   author={ATLAS Collaboration},
   year={2020},
   month={Nov},
   pages={135797}
}


@article{cite-key,
   Author = {CMS Collaboration},
   Da = {2019/04/29},
   Date-Added = {2021-02-14 00:11:59 +0100},
   Date-Modified = {2021-02-14 00:11:59 +0100},
   Doi = {10.1140/epjc/s10052-019-6863-8},
   Id = {Sirunyan2019},
   Isbn = {1434-6052},
   Journal = {The European Physical Journal C},
   Number = {5},
   Pages = {368},
   Title = {Measurement of the {\$}{\$}{\{}{$\backslash$}mathrm {\{}t{\}}{$\backslash$}overline{\{}{$\backslash$}mathrm {\{}t{\}}{\}}{\}}{\$}{\$} $t\bar{t}$ production cross section, the top quark mass, and the strong coupling constant using dilepton events in pp collisions at {\$}{\$}{$\backslash$}sqrt{\{}s{\}}=13{$\backslash$},{$\backslash$}text {\{}Te{\}}{$\backslash$}text {\{}V{\}} {\$}{\$}s=13Te},
   Ty = {JOUR},
   Url = {https://doi.org/10.1140/epjc/s10052-019-6863-8},
   Volume = {79},
   Year = {2019},
   Bdsk-Url-1 = {https://doi.org/10.1140/epjc/s10052-019-6863-8}
}

@article{ATLAS:2019onj,
    collaboration = "ATLAS",
    title = "{Measurement of the top-quark decay width in top-quark pair events in the dilepton channel at $\sqrt{s}=13$ TeV with the ATLAS detector}",
    reportNumber = "ATLAS-CONF-2019-038",
    month = "8",
    year = "2019"
}


@article{H_cker_1996,
   title={SVD approach to data unfolding},
   volume={372},
   ISSN={0168-9002},
   url={http://dx.doi.org/10.1016/0168-9002(95)01478-0},
   DOI={10.1016/0168-9002(95)01478-0},
   number={3},
   journal={Nuclear Instruments and Methods in Physics Research Section A: Accelerators, Spectrometers, Detectors and Associated Equipment},
   publisher={Elsevier BV},
   author={Höcker, Andreas and Kartvelishvili, Vakhtang},
   year={1996},
   month={Apr},
   pages={469–481}
}

@article{DAGOSTINI1995487,
title = {A multidimensional unfolding method based on Bayes' theorem},
journal = {Nuclear Instruments and Methods in Physics Research Section A: Accelerators, Spectrometers, Detectors and Associated Equipment},
volume = {362},
number = {2},
pages = {487-498},
year = {1995},
issn = {0168-9002},
doi = {https://doi.org/10.1016/0168-9002(95)00274-X},
url = {https://www.sciencedirect.com/science/article/pii/016890029500274X},
author = {G. D'Agostini},
abstract = {Bayes' theorem offers a natural way to unfold experimental distributions in order to get the best estimates of the true ones. The weak point of the Bayes approach, namely the need of the knowledge of the initial distribution, can be overcome by an iterative procedure. Since the method proposed here does not make use of continuous variables, but simply of cells in the spaces of the true and of the measured quantities, it can be applied in multidimensional problems.}
}

@misc{malaescu2009iterative,
      title={An iterative, dynamically stabilized method of data unfolding}, 
      author={Bogdan Malaescu},
      year={2009},
      eprint={0907.3791},
      archivePrefix={arXiv},
      primaryClass={physics.data-an}
}

@misc{choudalakis2012fully,
      title={Fully Bayesian Unfolding}, 
      author={Georgios Choudalakis},
      year={2012},
      eprint={1201.4612},
      archivePrefix={arXiv},
      primaryClass={physics.data-an}
}


@article{atlas_diffrential,
   Author = {ATLAS Collaboration},
   Da = {2019/12/24},
   Date-Added = {2021-02-14 17:55:46 +0100},
   Date-Modified = {2021-02-14 17:55:46 +0100},
   Doi = {10.1140/epjc/s10052-019-7525-6},
   Id = {Aad2019},
   Isbn = {1434-6052},
   Journal = {The European Physical Journal C},
   Number = {12},
   Pages = {1028},
   Title = {Measurements of top-quark pair differential and double-differential cross-sections in the l+jets channel with pp collisions at {\$}{\$}{$\backslash$}sqrt{\{}s{\}}=13{\$}{\$}s=13TeV using the ATLAS detector},
   Ty = {JOUR},
   Url = {https://doi.org/10.1140/epjc/s10052-019-7525-6},
   Volume = {79},
   Year = {2019},
   Bdsk-Url-1 = {https://doi.org/10.1140/epjc/s10052-019-7525-6}
}


@article{Sirunyan_2020,
   title={Measurement of $$\hbox {t}{\bar{\hbox {t}
}}$$ normalised multi-differential cross sections in $${\text {p}}{\text {p}} $$ collisions at $$\sqrt{s}=13\,{\text {TeV}} $$, and simultaneous determination of the strong coupling strength, top quark pole mass, and parton distribution functions},
   volume={80},
   ISSN={1434-6052},
   url={http://dx.doi.org/10.1140/epjc/s10052-020-7917-7},
   DOI={10.1140/epjc/s10052-020-7917-7},
   number={7},
   journal={The European Physical Journal C},
   publisher={Springer Science and Business Media LLC},
   author={CMS Collaboration},
   year={2020},
   month={Jul}
}



@article{atlas_diff_dilep,
   Author = {ATLAS Collaboration},
   Da = {2020/06/12},
   Date-Added = {2021-02-14 18:17:06 +0100},
   Date-Modified = {2021-02-14 18:17:06 +0100},
   Doi = {10.1140/epjc/s10052-020-7907-9},
   Id = {Aad2020},
   Isbn = {1434-6052},
   Journal = {The European Physical Journal C},
   Number = {6},
   Pages = {528},
   Title = {Measurement of the $t\bar{t}$ production cross-section and lepton differential distributions in $e\mu$ dilepton events from pp collisions at $\sqrt{s}$ = 13 TeV with the ATLAS detector},
   Ty = {JOUR},
   Url = {https://doi.org/10.1140/epjc/s10052-020-7907-9},
   Volume = {80},
   Year = {2020},
   Bdsk-Url-1 = {https://doi.org/10.1140/epjc/s10052-020-7907-9}
}




@article{PhysRevD.100.072002,
  title = {Measurement of the top quark polarization and $t\bar{t}$ spin correlations using dilepton final states in proton-proton collisions at $\sqrt{s}$ = 13 TeV},
  author = {CMS Collaboration},
  collaboration = {CMS Collaboration},
  journal = {Phys. Rev. D},
  volume = {100},
  issue = {7},
  pages = {072002},
  numpages = {39},
  year = {2019},
  month = {Oct},
  publisher = {American Physical Society},
  doi = {10.1103/PhysRevD.100.072002},
  url = {https://link.aps.org/doi/10.1103/PhysRevD.100.072002}
}


@article{allhad_atlas,
   
   Author = {ATLAS Collaboration},
   Da = {2021/01/08},
   Date-Added = {2021-02-14 18:33:25 +0100},
   Date-Modified = {2021-02-14 18:33:25 +0100},
   Doi = {10.1007/JHEP01(2021)033},
   Id = {Aad2021},
   Isbn = {1029-8479},
   Journal = {Journal of High Energy Physics},
   Number = {1},
   Pages = {33},
   Title = {Measurements of top-quark pair single- and double-differential cross-sections in the all-hadronic channel in pp collisions at $\sqrt{s}$ = 13 TeV using the ATLAS detector},
   Ty = {JOUR},
   Url = {https://doi.org/10.1007/JHEP01(2021)033},
   Volume = {2021},
   Year = {2021},
   Bdsk-Url-1 = {https://doi.org/10.1007/JHEP01(2021)033}}


@article{2020135263,
title = {Running of the top quark mass from proton-proton collisions at s=13TeV},
journal = {Physics Letters B},
volume = {803},
pages = {135263},
year = {2020},
issn = {0370-2693},
doi = {https://doi.org/10.1016/j.physletb.2020.135263},
url = {https://www.sciencedirect.com/science/article/pii/S0370269320300678},
author = {CMS Collaboration|},
keywords = {CMS, Physics, Top quark mass, QCD, Renormalization},
}


@article{CMS_diff_to_compare,
   Author = {CMS Collaboration},
   Journal = {Journal of High Energy Physics},
   Number = {2},
   Pages = {149},
   Title = {Measurements of tt¯{\$}{\$} {$\backslash$}mathrm{\{}t{\}}{$\backslash$}overline{\{}{$\backslash$}mathrm{\{}t{\}}{\}} {\$}{\$} differential cross sections in proton-proton collisions at s=13{\$}{\$} {$\backslash$}sqrt{\{}{$\backslash$}mathrm{\{}s{\}}{\}}=13 {\$}{\$} TeV using events containing two leptons},
   Volume = {2019},
   Year = {2019}}

   @techreport{ATLAS-CONF-2019-026,
      title         = "{Inclusive and differential measurement of the charge
                       asymmetry in $t\bar{t}$ events at 13 TeV with the ATLAS
                       detector}",
      institution   = "CERN",
      collaboration = "ATLAS Collaboration",
      address       = "Geneva",
      number        = "ATLAS-CONF-2019-026",
      month         = "Jul",
      year          = "2019",
      reportNumber  = "ATLAS-CONF-2019-026",
      url           = "https://cds.cern.ch/record/2682109",
}

